<?xml version="1.0" encoding="UTF-8"?><collection xmlns="http://www.loc.gov/MARC21/slim"><record><leader>00576nam--2200169-i-4500</leader><controlfield tag="001">000010930</controlfield><controlfield tag="002">20161230</controlfield><controlfield tag="005">20161230201029</controlfield><controlfield tag="008">060222s1000------------r-----000-0-eng-d</controlfield><datafield ind1=" " ind2=" " tag="040"><subfield code="a">IFIN-HH</subfield></datafield><datafield ind1=" " ind2=" " tag="080"><subfield code="a">539.182(043)</subfield></datafield><datafield ind1="1" ind2=" " tag="100"><subfield code="a">Benard, Christine</subfield></datafield><datafield ind1="1" ind2="0" tag="245"><subfield code="a">Processur ponctuels de detection de particules quantiques. definition et etude dans le formalisme des paquets d'ondes article intitule incoherent sources</subfield><subfield code="b">These</subfield><subfield code="c">Christine benard</subfield></datafield><datafield ind1=" " ind2=" " tag="260"><subfield code="a">Paris-sud</subfield><subfield code="b">Universite De Paris-sud</subfield><subfield code="c">1972</subfield></datafield><datafield ind1=" " ind2=" " tag="300"><subfield code="a">2 P</subfield></datafield><datafield ind1=" " ind2=" " tag="852"><subfield code="a">40290</subfield><subfield code="c">539.18</subfield></datafield><datafield ind1=" " ind2=" " tag="CAT"><subfield code="a">Sys</subfield><subfield code="c">20120703</subfield><subfield code="h">120422</subfield></datafield></record></collection>